% Online
@MISC{datasheet-rpi-cm,
   author       = {{Raspberry Pi (Trading) Ltd.}},
   title        = {Compute Module Datasheet},
   type         = {Datasheet},
   month        = jun,
   year         = {2018},
   url          = {https://github.com/raspberrypi/documentation/blob/master/hardware/computemodule/datasheets/rpi_DATA_CM_2p0.pdf},
}

@MISC{datasheet-revpi,
   author       = {{KUNBUS GmbH}},
   title        = {RevPi Core (3) Datenblatt},
   type         = {Datasheet},
   year         = {2017},
   url          = {https://revolution.kunbus.de/wp-content/uploads/manuell/datenblatt/Datenblatt_RevPi_Core_RevPi_Core3.pdf},
}

@MISC{flyer-revpi,
   author       = {{KUNBUS GmbH}},
   title        = {Revolution Pi Produktflyer},
   type         = {Flyer},
   year         = {2017},
   url          = {https://revolution.kunbus.de/wp-content/uploads/manuell/datenblatt/revolution_pi_flyer_de.pdf},
}

@MISC{web-revpi-dio,
   author       = {{KUNBUS GmbH}},
   title        = {RevPi DIO Produktseite},
   type         = {Website},
   month        = oct,
   year         = {2018},
   url          = {https://revolution.kunbus.de/io-modul/},
}

@MISC{web-revpi-blog,
   author       = {{KUNBUS GmbH}},
   title        = {RevolutionPi Blog},
   type         = {Website},
   month        = oct,
   year         = {2018},
   url          = {https://revolution.kunbus.de/blog/},
}

@MISC{web-revpi-manpage,
   author       = {{KUNBUS GmbH}},
   title        = {Revolution Pi Programmer’s Manual - ioctl},
   type         = {Manpage},
   month        = jan,
   year         = {2018},
}

@MISC{web-wiki-ioctl,
   author       = {{Wikipedia}},
   title        = {Ioctl},
   type         = {Wiki-Artikel},
   month        = oct,
   year         = {2018},
   url          = {https://en.wikipedia.org/wiki/Ioctl},
}

@MISC{web-wiki-praempt,
   author       = {{Wikipedia}},
   title        = {Präemptives Multitasking},
   type         = {Wiki-Artikel},
   month        = oct,
   year         = {2018},
   url          = {https://de.wikipedia.org/wiki/Multitasking#Präemptives_Multitasking},
}

@MISC{web-wiki-opc,
   author       = {{Wikipedia}},
   title        = {Open Platform Communications},
   type         = {Wiki-Artikel},
   month        = oct,
   year         = {2018},
   url          = {https://de.wikipedia.org/wiki/Open_Platform_Communications},
}

@MISC{web-wiki-opcua,
   author       = {{Wikipedia}},
   title        = {OPC Unified Architecture},
   type         = {Wiki-Artikel},
   month        = oct,
   year         = {2018},
   url          = {https://de.wikipedia.org/wiki/OPC_Unified_Architecture},
}

@MISC{web-spec-opc,
   author       = {{OPC Foundation}},
   title        = {OPC Unified Architecture Specification},
   type         = {Specification},
   year         = {2017},
   url          = {https://opcfoundation.org/developer-tools/specifications-unified-architecture},
}

@MISC{web-linuxwiki-basics,
   author       = {{Linux Foundation Wiki}},
   title        = {Technical basics: Important aspects for real time},
   type         = {Wiki-Artikel},
   month        = oct,
   year         = {2018},
   url          = {https://wiki.linuxfoundation.org/realtime/documentation/technical_basics},
}

@MISC{web-linuxwiki-details,
   author       = {{Linux Foundation Wiki}},
   title        = {Technical details of PREEMPT\_RT patch},
   type         = {Wiki-Artikel},
   month        = oct,
   year         = {2018},
   url          = {https://wiki.linuxfoundation.org/realtime/documentation/technical_details},
}

@MISC{web-debianwiki-posix,
   author       = {{Debian Wiki}},
   title        = {POSIX - The Portable Operating System Interface},
   type         = {Wiki-Artikel},
   month        = oct,
   year         = {2018},
   url          = {https://wiki.debian.org/POSIX},
}

@MISC{web-opengroup-posix,
   author       = {{IEEE and The Open Group}},
   title        = {The Open Group Base Specifications Issue 7},
   type         = {Standard},
   month        = oct,
   year         = {2017},
   url          = {http://pubs.opengroup.org/onlinepubs/9699919799/},
}

@MISC{web-opengroup-pthread,
   author       = {{The Open Group}},
   title        = {The Single UNIX ® Specification, Version 2},
   type         = {Standard},
   year         = {1997},
   url          = {http://pubs.opengroup.org/onlinepubs/7908799/xsh/pthread.h.html},
}

@MISC{web-opengroup-semaphore,
   author       = {{IEEE and The Open Group}},
   title        = {The Open Group Base Specifications Issue 6},
   type         = {Standard},
   year         = {2004},
   url          = {http://pubs.opengroup.org/onlinepubs/009696799/basedefs/semaphore.h.html},
}

@MISC{web-debian-faq,
   author       = {{Die Autoren der Debian FAQ}},
   title        = {Die Debian GNU/Linux-FAQ},
   type         = {Standard},
   year         = {2004},
   url          = {https://www.debian.org/doc/manuals/debian-faq/ch-compat.de.html},
}

@MISC{web-opengroup-overview,
   author       = {{The Open Group}},
   title        = {The Single UNIX Specification, Version 3},
   type         = {Standard},
   year         = {1998},
   url          = {http://www.unix.org/version3/overview.html},
}

@MISC{web-open62541,
   author       = {{open62541}},
   title        = {The open62541 Documentation},
   type         = {Website},
   month        = nov,
   year         = {2018},
   url          = {https://open62541.org/doc/current/},
}

@MISC{script-peter,
   author       = {Gerwinski, Peter},
   title        = {Treiberentwicklung, Echtzeit- und Betriebssysteme},
   type         = {Skript},
   month        = may,
   year         = {2016},
   url          = {https://gitlab.cvh-server.de/pgerwinski/bs},
}

% Bücher
@book{book-linux-device-drivers,
    title={Linux Device Drivers},
    author={Jonathan Corbet and Alessandro Rubini and Greg Kroah-Hartman},
    publisher={O’Reilly Media, Inc.},
    year={2005}
}
